%\begin{thebibliography}{00}


 % \bibitem{kopylov1} G. I. Kopylov, M. I. Podgoretsky, Sov. J. Nucl. Phys. 15, 219-223 (1972).
@article{Kopylov:1972qw,
      author         = "Kopylov, G.I. and Podgoretsky, M.I.",
      title          = "{Correlations of identical particles emitted by highly
                        excited nuclei}",
      journal        = "Sov. J. Nucl. Phys. ",
      volume         = "15",
      pages          = "219-223",
      year           = "1972",
      SLACcitation   = "%%CITATION = SJNCA,15,219;%%",
}


 % \bibitem{kopylov2} G. I. Kopylov, V. L. Lyuboshits, M. I. Podgoretsky, JINR-P2-8069.
@article{Kopylov:1974uc,
      author         = "Kopylov, G.I. and Lyuboshits, V.L. and Podgoretsky, M.I.",
      title          = "{Correlations Between the Particles Which Have Small
                        Relative Momenta}",
      journal        = "JINR-P2-8069",
      year           = "1974",
      SLACcitation   = "%%CITATION = JINR-P2-8069 ETC.;%%",
}

% \bibitem{lisa} M. A. Lisa, S. Pratt, R. Soltz and U. Wiedemann, Ann. Rev. Nucl. Part. Sci. 55, 357 (2005).
@article{Lisa:2005dd,
      author         = "Lisa, Michael Annan and Pratt, Scott and Soltz, Ron and
                        Wiedemann, Urs",
      title          = "{Femtoscopy in relativistic heavy ion collisions}",
      journal        = "Ann. Rev. Nucl. Part. Sci. ",
      volume         = "55",
      pages          = "357-402",
      doi            = "10.1146/annurev.nucl.55.090704.151533",
      year           = "2005",
      eprint         = "nucl-ex/0505014",
      archivePrefix  = "arXiv",
      primaryClass   = "nucl-ex",
      SLACcitation   = "%%CITATION = NUCL-EX/0505014;%%",
}

 % \bibitem{alicefemtoPbPb} K. Aamodt et al. [ALICE Collaboration], Phys. Lett. B 696, 328-337 (2011), arXiv:1012.4035 [nucl-ex].

@article{Aamodt:2011mr,
      author         = "Aamodt, K. and others",
      title          = "{Two-pion Bose-Einstein correlations in central Pb-Pb
                        collisions at $\sqrt{s_{\rm NN}}$ = 2.76 TeV}",
      collaboration  = "ALICE",
      journal        = "Phys. Lett. ",
      volume         = "B696",
      pages          = "328-337",
      doi            = "10.1016/j.physletb.2010.12.053",
      year           = "2011",
      eprint         = "1012.4035",
      archivePrefix  = "arXiv",
      primaryClass   = "nucl-ex",
      reportNumber   = "CERN-PH-EP-ALICE-2010-006",
      SLACcitation   = "%%CITATION = ARXIV:1012.4035;%%",
}

% \bibitem{sinyukov} S. V. Akkelin, Y. M. Sinyukov, Phys. Lett. B356, 525-530 (1995).
@article{Akkelin:1995gh,
      author         = "Akkelin, S.V. and Sinyukov, Yu.M.",
      title          = "{The HBT interferometry of expanding sources}",
      journal        = "Phys. Lett. ",
      volume         = "B356",
      pages          = "525-530",
      doi            = "10.1016/0370-2693(95)00765-D",
      year           = "1995",
      SLACcitation   = "%%CITATION = PHLTA,B356,525;%%",
}

% \bibitem{HKMkaon} V. M. Shapoval, P. Braun-Munzinger, Iu. A. Karpenko, Yu. M. Sinyukov, arXiv:1404.4501 [hep-ph] (2014).
@article{Shapoval:2014wya,
      author         = "Shapoval, V.M. and Braun-Munzinger, P. and Karpenko,
                        Iu.A. and Sinyukov, Yu.M.",
      title          = "{Femtoscopy correlations of kaons in Pb + Pb collisions
                        at LHC within hydrokinetic model}",
      year           = "2014",
      eprint         = "1404.4501",
      archivePrefix  = "arXiv",
      primaryClass   = "hep-ph",
      SLACcitation   = "%%CITATION = ARXIV:1404.4501;%%",
}

 % \bibitem{KKSPS}
 %  I.G.  Bearden, et al [NA44 Collabortion], Phys. Rev. Lett. \textbf{87}  112301 (2001);
@article{Bearden:2001sy,
      author         = "Bearden, I.G. and others",
      title          = "{Two kaon correlations in central Pb + Pb collisions at
                        158~AGeV/$c$}",
      collaboration  = "NA44",
      journal        = "Phys. Rev. Lett. ",
      volume         = "87",
      pages          = "112301",
      doi            = "10.1103/PhysRevLett.87.112301",
      year           = "2001",
      eprint         = "nucl-ex/0107005",
      archivePrefix  = "arXiv",
      primaryClass   = "nucl-ex",
      SLACcitation   = "%%CITATION = NUCL-EX/0107005;%%",
}

  % S.V. Afanasiev, et al. [NA49 Collaboration], Phys. Lett. B \textbf{557} 157 (2003).
@article{Afanasiev:2002fv,
      author         = "Afanasiev, S.V. and Anticic, T. and Baatar, B. and Barna,
                        D. and Bartke, J. and others",
      title          = "{Bose-Einstein correlations of charged kaons in central
                        Pb + Pb collisions at E(beam) = 158~GeV per nucleon}",
      collaboration  = "NA49",
      journal        = "Phys. Lett. ",
      volume         = "B557",
      pages          = "157-166",
      doi            = "10.1016/S0370-2693(03)00102-3",
      year           = "2003",
      eprint         = "nucl-ex/0210018",
      archivePrefix  = "arXiv",
      primaryClass   = "nucl-ex",
      SLACcitation   = "%%CITATION = NUCL-EX/0210018;%%",
}

 % \bibitem{KKSTAR} J. Adams et al. [STAR Collaboration] Phys. Rev. Lett. \textbf{92}, 112301 (2004);
@article{Adams:2003xp,
      author         = "Adams, J. and others",
      title          = "{Identified particle distributions in pp and Au+Au
                        collisions at $\sqrt{s_{\rm NN}}$=200~GeV}",
      collaboration  = "STAR",
      journal        = "Phys. Rev. Lett. ",
      volume         = "92",
      pages          = "112301",
      doi            = "10.1103/PhysRevLett.92.112301",
      year           = "2004",
      eprint         = "nucl-ex/0310004",
      archivePrefix  = "arXiv",
      primaryClass   = "nucl-ex",
      SLACcitation   = "%%CITATION = NUCL-EX/0310004;%%",
}

  % L. Adamcyk, et al. [STAR Collaboration] Phys. Rev. C 88, 034906 (2013).
@article{Adamczyk:2013wqm,
      author         = "Adamczyk, L. and others",
      title          = "{Freeze-out dynamics via charged kaon femtoscopy in
                        $\sqrt{{s}_{\rm NN}}$=200 GeV central Au + Au
                        collisions}",
      collaboration  = "STAR",
      journal        = "Phys. Rev. ",
      number         = "3",
      volume         = "C88",
      pages          = "034906",
      doi            = "10.1103/PhysRevC.88.034906",
      year           = "2013",
      eprint         = "1302.3168",
      archivePrefix  = "arXiv",
      primaryClass   = "nucl-ex",
      SLACcitation   = "%%CITATION = ARXIV:1302.3168;%%",
}

 % \bibitem{stark0} B. I. Abelev et al. [STAR Collaboration], Phys. Rev. C 74, 054902 (2006).
@article{Abelev:2006gu,
      author         = "Abelev, B.I. and others",
      title          = "{Neutral kaon interferometry in Au+Au collisions at
                        $\sqrt{s_{\rm NN}}$=200~GeV}",
      collaboration  = "STAR",
      journal        = "Phys. Rev. ",
      volume         = "C74",
      pages          = "054902",
      doi            = "10.1103/PhysRevC.74.054902",
      year           = "2006",
      eprint         = "nucl-ex/0608012",
      archivePrefix  = "arXiv",
      primaryClass   = "nucl-ex",
      SLACcitation   = "%%CITATION = NUCL-EX/0608012;%%",
}

 % \bibitem{KKPHENIX} S.~Afanasiev et al. [PHENIX Collaboration], Phys. Rev. Lett. {\textbf 103}, 142301 (2009).
@article{Afanasiev:2009ii,
      author         = "Afanasiev, S. and others",
      title          = "{Kaon interferometric probes of space-time evolution in
                        Au+Au collisions at $\sqrt{s_{\rm NN}}$=200~GeV}",
      collaboration  = "PHENIX",
      journal        = "Phys. Rev. Lett. ",
      volume         = "103",
      pages          = "142301",
      doi            = "10.1103/PhysRevLett.103.142301",
      year           = "2009",
      eprint         = "0903.4863",
      archivePrefix  = "arXiv",
      primaryClass   = "nucl-ex",
      SLACcitation   = "%%CITATION = ARXIV:0903.4863;%%",
}

 % \bibitem{K0ALICE} B. Abelev et al. [ALICE Collaboration], Phys. Lett. B 717, 151–161 (2012).
@article{Abelev:2012ms,
      author         = "Abelev, Betty and others",
      title          = "{$\rm K^0_s-\rm K^0_s$ correlations in pp collisions at
                        $\sqrt{s}=7$ TeV from the LHC ALICE experiment}",
      collaboration  = "ALICE",
      journal        = "Phys. Lett. ",
      volume         = "B717",
      pages          = "151-161",
      doi            = "10.1016/j.physletb.2012.09.013",
      year           = "2012",
      eprint         = "1206.2056",
      archivePrefix  = "arXiv",
      primaryClass   = "hep-ex",
      reportNumber   = "CERN-PH-EP-2012-160",
      SLACcitation   = "%%CITATION = ARXIV:1206.2056;%%",
}

 % \bibitem{KCHALICE} B. Abelev et al. [ALICE Collaboration], Phys. Rev. D 87, 052016 (2013).
@article{Abelev:2012sq,
      author         = "Abelev, B. and others",
      title          = "{Charged kaon femtoscopic correlations in pp collisions
                        at $\sqrt{s}=7$ TeV}",
      collaboration  = "ALICE",
      journal        = "Phys. Rev. ",
      number         = "5",
      volume         = "D87",
      pages          = "052016",
      doi            = "10.1103/PhysRevD.87.052016",
      year           = "2013",
      eprint         = "1212.5958",
      archivePrefix  = "arXiv",
      primaryClass   = "hep-ex",
      SLACcitation   = "%%CITATION = ARXIV:1212.5958;%%",
}

@article{Gos:2007asd,
      author         = "Gos, H.P.",
      title          = "{Proton proton, anti-proton anti-proton, proton
                        anti-proton correlations in Au + Au collisions measured by
                        STAR at RHIC}",
      journal        = "Eur. Phys. J. ",
      volume         = "C49",
      pages          = "75-80",
      doi            = "10.1140/epjc/s10052-006-0099-0",
      year           = "2007",
      SLACcitation   = "%%CITATION = EPHJA,C49,75;%%",
}
 % \bibitem{Aamodt:2008zz}
 %  K.~Aamodt et al. [ALICE Collaboration],
 %  %``The Alice Experiment At The Cern Lhc,''
 %  JINST {\bf 3}, S08002 (2008).
@article{Aamodt:2008zz,
      author         = "Aamodt, K. and others",
      title          = "{The ALICE experiment at the CERN LHC}",
      collaboration  = "ALICE",
      journal        = "JINST",
      volume         = "3",
      pages          = "S08002",
      doi            = "10.1088/1748-0221/3/08/S08002",
      year           = "2008",
      SLACcitation   = "%%CITATION = JINST,3,S08002;%%",
}

%  \bibitem{aliceTPC} ALICE Collaboration, Technical Design Report of the Time Projection
% Chamber, CERN/LHCC 2000-001 (2000).
@techreport{Dellacasa:2000bm,
      author         = "Dellacasa, G. and others",
      title          = "{ALICE: Technical design report of the time projection
                        chamber}",
      collaboration  = "ALICE",
      address       = "Geneva",
      series        = "Technical Design Report ALICE",
      year          = "2000",
      note  = "CERN-OPEN-2000-183",
      url           = "http://cds.cern.ch/record/451098",
}

@techreport{Cortese:2002kf,
      author         = "Cortese, P. and others",
      title          = "{ALICE: Addendum to the technical design report of the
                        time of flight system (TOF)}",
      collaboration  = "ALICE",
            address       = "Geneva",
      series        = "Technical Design Report ALICE",
      year          = "2000",
      note   = "CERN-LHCC-2002-016",
     url           = "http://cds.cern.ch/record/545834",
}

% \bibitem{centrality} B. Abelev et al. [ALICE Collaboration] Phys. Rev. C 88, 044909 (2013).
@article{Abelev:2013qoq,
      author         = "Abelev, Betty and others",
      title          = "{Centrality determination of Pb-Pb collisions at
                        $\sqrt{s_{\rm NN}}$=2.76~TeV with ALICE}",
      collaboration  = "ALICE",
      journal        = "Phys. Rev. ",
      number         = "4",
      volume         = "C88",
      pages          = "044909",
      doi            = "10.1103/PhysRevC.88.044909",
      year           = "2013",
      eprint         = "1301.4361",
      archivePrefix  = "arXiv",
      primaryClass   = "nucl-ex",
      reportNumber   = "CERN-PH-EP-2012-368",
      SLACcitation   = "%%CITATION = ARXIV:1301.4361;%%",
}

% \bibitem{hijing}  X.-N. Wang and M. Gyulassy, Phys. Rev. D 44, 3501 (1991).
@article{PhysRevD.44.3501,
  title = "{HIJING}: {A} {Monte} {Carlo} model for multiple jet production in pp, {pA}, and {AA} collisions",
  author = {Wang, Xin-Nian and Gyulassy, Miklos},
  journal = {Phys. Rev. D},
  volume = {44},
  issue = {11},
  pages = {3501--3516},
  numpages = {0},
  year = {1991},
  month = {Dec},
  publisher = {American Physical Society},
  doi = {10.1103/PhysRevD.44.3501},
  url = {http://link.aps.org/doi/10.1103/PhysRevD.44.3501}
}

@article{Wang:1991hta,
      author         = "Wang, Xin-Nian and Gyulassy, Miklos",
      title          = "{HIJING: A Monte Carlo model for multiple jet production
                        in pp, pA and AA collisions}",
      journal        = "Phys. Rev. ",
      volume         = "D44",
      pages          = "3501-3516",
      doi            = "10.1103/PhysRevD.44.3501",
      year           = "1991",
      reportNumber   = "LBL-31036",
      SLACcitation   = "%%CITATION = PHRVA,D44,3501;%%",
}

%  \bibitem{kzspaper} B. Abelev  et al. [ALICE Collaboration], Phys. Lett. B 717 (2012) 151-161,
% arXiv:1206.2056 [hep-ex].

 % \bibitem{geant}  R. Brun, F. Carminati, and S. Giani, CERN-W5013 (1994).
@report{Brun:1994aa,
      author         = "Brun, Rene and Carminati, Federico and Giani, Simone",
      title          = "{GEANT Detector Description and Simulation Tool}",
      year           = "1994",
      note   = "CERN-W5013, CERN-W-5013",
      SLACcitation   = "%%CITATION = CERN-W5013 ETC.;%%",
}

 % \bibitem{lednicky} R. Lednicky, V. L. Lyuboshitz, Sov. J. Nucl. Phys. 35 (1982) 770.
@article{Lednicky:1981su,
      author         = "Lednicky, R. and Lyuboshits, V.L.",
      title          = "{Final State Interaction Effect on Pairing Correlations
                        Between Particles with Small Relative Momenta}",
      journal        = "Sov. J. Nucl. Phys. ",
      volume         = "35",
      pages          = "770",
      year           = "1982",
      reportNumber   = "JINR-E2-81-453",
      SLACcitation   = "%%CITATION = SJNCA,35,770;%%",
}

 % \bibitem{bowlsin} M. G. Bowler, Phys. Lett. B. 270, 69 (1991).
@article{Bowler:1991vx,
      author         = "Bowler, M.G.",
      title          = "{Coulomb corrections to Bose-Einstein correlations have
                        been greatly exaggerated}",
      journal        = "Phys. Lett. ",
      volume         = "B270",
      pages          = "69-74",
      doi            = "10.1016/0370-2693(91)91541-3",
      year           = "1991",
      reportNumber   = "OUNP-91-23",
      SLACcitation   = "%%CITATION = PHLTA,B270,69;%%",
}

 % \bibitem{sinyu1} Y. M. Sinyukov et al., Phys. Lett. B 432, 249 (1998).
@article{Sinyukov:1998fc,
      author         = "Sinyukov, Yu. and Lednicky, R. and Akkelin, S.V. and
                        Pluta, J. and Erazmus, B.",
      title          = "{Coulomb corrections for interferometry analysis of
                        expanding hadron systems}",
      journal        = "Phys. Lett. ",
      volume         = "B432",
      pages          = "248-257",
      doi            = "10.1016/S0370-2693(98)00653-4",
      year           = "1998",
      reportNumber   = "SUBATECH-98-01",
      SLACcitation   = "%%CITATION = PHLTA,B432,248;%%",
}

 % \bibitem{cohTh} S. V. Akkelin, R. Lednicky, and Yu. M. Sinyukov, Phys. Rev. C 65, 064904 (2002).
@article{PhysRevC.65.064904,
  title = {Correlation search for coherent pion emission in heavy ion collisions},
  author = {Akkelin, S. V. and Lednicky, R. and Sinyukov, Yu. M.},
  journal = {Phys. Rev. C},
  volume = {65},
  issue = {6},
  pages = {064904},
  numpages = {16},
  year = {2002},
  month = {Jun},
  publisher = {American Physical Society},
  doi = {10.1103/PhysRevC.65.064904},
  url = {http://link.aps.org/doi/10.1103/PhysRevC.65.064904}
}

% \bibitem{cohExp} B. Abelev et al. [ALICE Collaboration] Phys. Rev. C 89, 024911 (2014).
@article{Abelev:2013pqa,
      author         = "Abelev, Betty Bezverkhny and others",
      title          = "{Two and Three-Pion Quantum Statistics Correlations in
                        Pb-Pb Collisions at $\sqrt{s_{\rm NN}}$=2.76~TeV at the LHC}",
      collaboration  = "ALICE",
      journal        = "Phys. Rev. ",
      volume         = "C89",
      pages          = "024911",
      doi            = "10.1103/PhysRevC.89.024911",
      year           = "2014",
      eprint         = "1310.7808",
      archivePrefix  = "arXiv",
      primaryClass   = "nucl-ex",
      reportNumber   = "CERN-PH-EP-2013-201",
      SLACcitation   = "%%CITATION = ARXIV:1310.7808;%%",
}

 % \bibitem{therminator2} M. Chojnacki, A. Kisiel, W. Florkowski, W. Broniowski, Comput. Phys. Commun. 183, 746-773, arXiv:1102.0273 (2012).
@article{Chojnacki:2011hb,
      author         = "Chojnacki, Mikolaj and Kisiel, Adam and Florkowski,
                        Wojciech and Broniowski, Wojciech",
      title          = "{THERMINATOR 2: THERMal heavy IoN generATOR 2}",
      journal        = "Comput. Phys. Commun. ",
      volume         = "183",
      pages          = "746-773",
      doi            = "10.1016/j.cpc.2011.11.018",
      year           = "2012",
      eprint         = "1102.0273",
      archivePrefix  = "arXiv",
      primaryClass   = "nucl-th",
      SLACcitation   = "%%CITATION = ARXIV:1102.0273;%%",
}

 % \bibitem{kisiel:rc}  A. Kisiel, H. Zbroszczyk, M. Szyma\'nski, arXiv:1403.0433 [nucl-th] (2014).
@article{Kisiel:2014mma,
      author         = "Kisiel, Adam and Zbroszczyk, Hanna and Szymanski, Maciej",
      title          = "{Extracting baryon-antibaryon strong interaction
                        potentials from p$\bar{\Lambda}$ femtoscopic correlation
                        function}",
      journal        = "Phys. Rev. ",
      volume         = "C89",
      pages          = "054916",
      doi            = "10.1103/PhysRevC.89.054916",
      year           = "2014",
      eprint         = "1403.0433",
      archivePrefix  = "arXiv",
      primaryClass   = "nucl-th",
      SLACcitation   = "%%CITATION = ARXIV:1403.0433;%%",
}

% \bibitem{3piradii} B. Abelev et al., arXiv:1404.1194 [nucl-ex] (2014).
@article{Abelev:2014pja,
      author         = "Abelev, Betty Bezverkhny and others",
      title          = "{Freeze-out radii extracted from three-pion cumulants in
                        pp, p-Pb and Pb-Pb collisions at the LHC}",
      collaboration  = "ALICE",
      year           = "2014",
      eprint         = "1404.1194",
      archivePrefix  = "arXiv",
      primaryClass   = "nucl-ex",
      reportNumber   = "CERN-PH-EP-2014-062",
      SLACcitation   = "%%CITATION = ARXIV:1404.1194;%%",
}

@article{Abelev:2014ffa,
      author         = "Abelev, Betty Bezverkhny and others",
      title          = "{Performance of the ALICE Experiment at the CERN LHC}",
      collaboration  = "ALICE",
      journal        = "Int. J. Mod. Phys. ",
      volume         = "A29",
      pages          = "1430044",
      doi            = "10.1142/S0217751X14300440",
      year           = "2014",
      eprint         = "1402.4476",
      archivePrefix  = "arXiv",
      primaryClass   = "nucl-ex",
      reportNumber   = "CERN-PH-EP-2014-031",
      SLACcitation   = "%%CITATION = ARXIV:1402.4476;%%",
}

@article{Lednicky:2005af,
      author         = "Lednicky, R.",
      title          = "{Correlation femtoscopy}",
      journal        = "Nucl. Phys. ",
      volume         = "A774",
      pages          = "189-198",
      doi            = "10.1016/j.nuclphysa.2006.06.040",
      year           = "2006",
      eprint         = "nucl-th/0510020",
      archivePrefix  = "arXiv",
      primaryClass   = "nucl-th",
      SLACcitation   = "%%CITATION = NUCL-TH/0510020;%%",
}

@article{Makhlin:1987gm,
      author         = "Makhlin, A.N. and Sinyukov, Yu.M.",
      title          = "{Hydrodynamics of Hadron Matter Under Pion
                        Interferometric Microscope}",
      journal        = "Z. Phys. ",
      volume         = "C39",
      pages          = "69",
      doi            = "10.1007/BF01560393",
      year           = "1988",
      reportNumber   = "ITF-87-64E",
      SLACcitation   = "%%CITATION = ZEPYA,C39,69;%%",
}

@article{Kisiel:2014upa,
      author         = "Kisiel, Adam and Galazyn, Mateusz and Bozek, Piotr",
      title          = "{Pion, kaon, and proton femtoscopy in Pb--Pb collisions
                        at $\sqrt{s_{\rm NN}}$=2.76 TeV modeled in 3+1D
                        hydrodynamics}",
      year           = "2014",
      eprint         = "1409.4571",
      archivePrefix  = "arXiv",
      primaryClass   = "nucl-th",
      SLACcitation   = "%%CITATION = ARXIV:1409.4571;%%",
}

@article{Agashe:2014kda,
      author         = "Olive, K.A. and others",
      title          = "{Review of Particle Physics}",
      collaboration  = "Particle Data Group",
      journal        = "Chin. Phys. ",
      volume         = "C38",
      pages          = "090001",
      doi            = "10.1088/1674-1137/38/9/090001",
      year           = "2014",
      SLACcitation   = "%%CITATION = CHPHD,C38,090001;%%",
}

@article{PionFemtoPaper,
      author         = "",
      title          = "Centrality dependence of the pion femtoscopic radii in {Pb--Pb} collisions at $\sqrt{s_{\rm NN}}$=2.76~{TeV} at the {LHC}",
      collaboration  = "ALICE",
      journal        = "To Be Published",
      pages = "{~}",
}

@article{Goldhaber:1960sf,
      author         = "Goldhaber, Gerson and Goldhaber, Sulamith and Lee,
                        Won-Yong and Pais, Abraham",
      title          = "Influence of {Bose-Einstein} statistics on the anti-proton proton annihilation process",
      journal        = "Phys. Rev. ",
      volume         = "120",
      pages          = "300-312",
      doi            = "10.1103/PhysRev.120.300",
      year           = "1960",
      SLACcitation   = "%%CITATION = PHRVA,120,300;%%",
}

@article{Lednicky:2005tb,
      author         = "Lednicky, Richard",
      title          = "{Finite-size effects on two-particle production in
                        continuous and discrete spectrum}",
      journal        = "Phys. Part. Nucl. ",
      volume         = "40",
      pages          = "307-352",
      doi            = "10.1134/S1063779609030034",
      year           = "2009",
      eprint         = "nucl-th/0501065",
      archivePrefix  = "arXiv",
      primaryClass   = "nucl-th",
      reportNumber   = "DIRAC-2004-06",
      SLACcitation   = "%%CITATION = NUCL-TH/0501065;%%",
}

@techreport{CMS-PAS-HIN-14-013,
      title         = "{Femtoscopy with identified charged hadrons in pp, pPb,
                       and peripheral
PbPb collisions at LHC energies}",
      institution   = "CERN",
      collaboration = "CMS",
      address       = "Geneva",
      number        = "CMS-PAS-HIN-14-013",
      year          = "2014",
      reportNumber  = "CMS-PAS-HIN-14-013",
      url           = "https://cds.cern.ch/record/1703272",
}

@article{Wiedemann:1996ig,
      author         = "Wiedemann, Urs Achim and Heinz, Ulrich W.",
      title          = "{Resonance contributions to HBT correlation radii}",
      journal        = "Phys. Rev. ",
      volume         = "C56",
      pages          = "3265-3286",
      doi            = "10.1103/PhysRevC.56.3265",
      year           = "1997",
      eprint         = "nucl-th/9611031",
      archivePrefix  = "arXiv",
      primaryClass   = "nucl-th",
      reportNumber   = "TPR-96-14",
      SLACcitation   = "%%CITATION = NUCL-TH/9611031;%%",
}

@article{Karpenko:2012yf,
      author         = "Karpenko, Iu.A. and Sinyukov, Yu.M. and Werner, K.",
      title          = "{Uniform description of bulk observables in the
                        hydrokinetic model of $A+A$ collisions at the BNL
                        Relativistic Heavy Ion Collider and the CERN Large Hadron
                        Collider}",
      journal        = "Phys. Rev. ",
      volume         = "C87",
      pages          = "024914",
      doi            = "10.1103/PhysRevC.87.024914",
      year           = "2013",
      eprint         = "1204.5351",
      archivePrefix  = "arXiv",
      primaryClass   = "nucl-th",
      SLACcitation   = "%%CITATION = ARXIV:1204.5351;%%",
}

@article{Beane:2007uh,
      author         = "Beane, Silas R. and others",
      title          = "{The $\rm K^+ \rm K^+$ scattering length from lattice QCD}",
      collaboration  = "NPLQCD",
      journal        = "Phys. Rev. ",
      volume         = "D77",
      pages          = "094507",
      doi            = "10.1103/PhysRevD.77.094507",
      year           = "2008",
      eprint         = "0709.1169",
      archivePrefix  = "arXiv",
      primaryClass   = "hep-lat",
      reportNumber   = "UNH-07-03, UMD-40762-399, JLAB-THY-07-719, NT-UW-07-14",
      SLACcitation   = "%%CITATION = ARXIV:0709.1169;%%",
}

@article{Adare:2015sca,
      author         = "Adare, A. and Afanasiev, S. and Aidala, C. and Ajitanand,
                        N.N. and Akiba, Y. and others",
      title          = "{Systematic study of charged-pion and kaon femtoscopy in
                        Au$+$Au collisions at $\sqrt{s_{\rm NN}}$=200 GeV}",
      year           = "2015",
      eprint         = "1504.05168",
      archivePrefix  = "arXiv",
      primaryClass   = "nucl-ex",
      SLACcitation   = "%%CITATION = ARXIV:1504.05168;%%",
}

@article{Koonin:1977fh,
      author         = "Koonin, S.E.",
      title          = "{Proton Pictures of High-Energy Nuclear Collisions}",
      journal        = "Phys. Lett. ",
      volume         = "B70",
      pages          = "43-47",
      doi            = "10.1016/0370-2693(77)90340-9",
      year           = "1977",
      SLACcitation   = "%%CITATION = PHLTA,B70,43;%%",
}


@article{Pratt:1990zq,
      author         = "Pratt, S. and Csorgo, T. and Zimanyi, J.",
      title          = "{Detailed predictions for two pion correlations in
                        ultrarelativistic heavy ion collisions}",
      journal        = "Phys. Rev. ",
      volume         = "C42",
      pages          = "2646-2652",
      doi            = "10.1103/PhysRevC.42.2646",
      year           = "1990",
      SLACcitation   = "%%CITATION = PHRVA,C42,2646;%%",
}

@article{Adamova:2002wi,
      author         = "Adamova, D. and others",
      title          = "{Beam energy and centrality dependence of two pion
                        Bose-Einstein correlations at SPS energies}",
      collaboration  = "CERES",
      journal        = "Nucl. Phys. ",
      volume         = "A714",
      pages          = "124-144",
      doi            = "10.1016/S0375-9474(02)01369-6",
      year           = "2003",
      eprint         = "nucl-ex/0207005",
      archivePrefix  = "arXiv",
      primaryClass   = "nucl-ex",
      SLACcitation   = "%%CITATION = NUCL-EX/0207005;%%",
}

@article{Alessandro:2006yt,
      author         = "Alessandro, B and others",
      editor         = "Alessandro, B",
      title          = "{ALICE: Physics performance report, volume II}",
      collaboration  = "ALICE",
      journal        = "J. Phys. ",
      volume         = "G32",
      pages          = "1295-2040",
      doi            = "10.1088/0954-3899/32/10/001",
      year           = "2006",
      SLACcitation   = "%%CITATION = JPAGA,G32,1295;%%",
}

@phdthesis{MattThesis,
  author       = {Steinpreis, M.},
  title        = "{Neutral kaon femtoscopy in Pb-Pb collisions at $\sqrt{s_{\rm NN}} = 2.76$~{$\rm TeV$} at the LHC with ALICE}",
  school       = {The Ohio State University},
  year         = 2014,
  url          = {https://rave.ohiolink.edu/etdc/view?acc_num=osu1417696971}
}

@article{Martin1977,
	author = {Martin, A. and Ozmutlu, E.N. and Squires, E.J.},
	title = "{The $\pi\pi$ and {${\rm K}\bar{\rm K}$} amplitudes, the $\text{S}^*$ and the quark structure of $0^{++}$ resonances}",
	journal = {Nucl. Phys. B},
	volume = {121},
	year = {1977},
	pages = {514-530},
}

@article{Antonelli2002,
	author = {Antonelli, A.},
	title = {Radiative phi decays},
  collaboration = "KLOE",
	journal = {eConf},
	volume = {C020620},
	pages = {THAT06},
	year = {2002},
	note = {arXiv:hep-ex/029069},
}

@article{Achasov1,
	author = {Achasov, N.N. and Gubin, V.V.},
	title = {Analysis of the nature of the $\vec{\varphi}\gamma\pi\eta$ and $\vec{\varphi}\gamma\pi^0\pi^0$ decays},
	journal = {Phys. Rev. D},
	volume = {63},
	pages = {094007},
	year = {2001},
}

@article{Achasov2,
	author = {Achasov, N.N. and Kiselev, A.V.},
	title = {New analysis of the {KLOE} data on the $\vec{\varphi}\eta\pi^0\gamma$ decay},
	journal = {Phys. Rev. D},
	volume = {68},
	pages = {014006},
	year = {2003},
}

%\end{thebibliography}
